@article{article,
author = {Sun, Lin and Bai, Benfeng and Meng, Xiaoxia and Cui, Tong and Shang, Guangyi and Wang, Jia},
year = {2018},
month = {09},
pages = {24637},
title = {Near-field probing the magnetic field vector of visible light with a silicon nanoparticle probe and nanopolarimetry},
volume = {26},
journal = {Optics Express},
doi = {10.1364/OE.26.024637}
}
@unpublished{smFRET_lab_script,
    author = {Ulm University},
    title = {Biophysics Lab coures: Single-molecule Fluorescence},
    note = smFRET
}
@book{alberts2014,
  title = {Molecular Biology of the Cell},
  author = {Alberts, Bruce and Johnson, Alexander and Lewis, Julian and Morgan, David and Raff, Martin and Roberts, Keith and Walter, Peter},
  year = {2014},
  publisher = {Garland Science, Taylor & Francis Group},
  address = {New York/Abingdon},
  month = dec,
  page = {177},
  isbn = {978-0-8153-4432-2}
}

@unpublished{Fluorescence_lifetime_lab_script,
    author = {Ulm University},
    title = {Biophysics Lab course: Fluorescence lifetime},
    note = Fluorescence_lifetime
}